Automatically generated by Mendeley Desktop 1.16-dev1
Any changes to this file will be lost if it is regenerated by Mendeley.

BibTeX export options can be customized via Options -> BibTeX in Mendeley Desktop

@article{Thorup2001,
author = {Thorup, M and Zwick, U},
file = {:home/etn/Documents/PhD/Biblio/Thorup, Zwick - 2001 - Compact routing schemes.pdf:pdf},
journal = {Proceedings of the thirteenth annual ACM  {\ldots}},
title = {{Compact routing schemes}},
url = {http://dl.acm.org/citation.cfm?id=378581},
year = {2001}
}
@article{Papalini2014,
author = {Papalini, M and Carzaniga, A},
file = {:home/etn/Documents/PhD/Biblio/Papalini, Carzaniga - 2014 - Scalable routing for tag-based information-centric networking.pdf:pdf},
journal = {Proceedings of the 1st {\ldots}},
title = {{Scalable routing for tag-based information-centric networking}},
url = {http://dl.acm.org/citation.cfm?id=2660155},
year = {2014}
}
@article{Jacobson2009,
author = {Jacobson, V and Smetters, DK},
file = {:home/etn/Documents/PhD/Biblio/Jacobson, Smetters - 2009 - Networking named content.pdf:pdf},
journal = {Proceedings of the 5th  {\ldots}},
title = {{Networking named content}},
url = {http://dl.acm.org/citation.cfm?id=1658941},
year = {2009}
}
