Automatically generated by Mendeley Desktop 1.14.1-dev5
Any changes to this file will be lost if it is regenerated by Mendeley.

BibTeX export options can be customized via Options -> BibTeX in Mendeley Desktop

@article{McCool2010,
author = {McCool, MD},
file = {:home/etn/Documents/PhD/Biblio/McCool - 2010 - Structured parallel programming with deterministic patterns.pdf:pdf},
journal = {Proceedings of the 2nd USENIX conference on Hot  \ldots},
title = {{Structured parallel programming with deterministic patterns}},
url = {https://www.usenix.org/event/hotpar10/tech/full_papers/McCool.pdf},
year = {2010}
}
@article{Petit2009,
author = {Petit, E},
title = {{Vers un partitionnement automatique d'applications en codelets sp\'{e}culatifs pour les syst\`{e}mes h\'{e}t\'{e}rog\`{e}nes \`{a} m\'{e}moires distribu\'{e}es}},
url = {http://hal.inria.fr/tel-00445512/},
year = {2009}
}
@article{Radoi2014,
author = {Radoi, C and Fink, SJ and Rabbah, R and Sridharan, M},
file = {:home/etn/Documents/PhD/Biblio/Radoi et al. - 2014 - Translating imperative code to MapReduce.pdf:pdf},
journal = {Proceedings of the 2014  \ldots},
title = {{Translating imperative code to MapReduce}},
url = {http://dl.acm.org/citation.cfm?id=2660228},
year = {2014}
}
@article{Matsakis2012a,
author = {Matsakis, ND},
file = {:home/etn/Documents/PhD/Biblio/Matsakis - 2012 - Parallel closures a new twist on an old idea.pdf:pdf},
journal = {Proceedings of the 4th USENIX conference on Hot \ldots},
title = {{Parallel closures: a new twist on an old idea}},
url = {http://dl.acm.org/citation.cfm?id=2342793},
year = {2012}
}
@article{Jr1985,
author = {Jr, RH Halstead},
journal = {ACM Transactions on Programming Languages and  \ldots},
title = {{Multilisp: A language for concurrent symbolic computation}},
url = {http://dl.acm.org/citation.cfm?id=4478},
year = {1985}
}
@article{Amarasinghe1995,
author = {Amarasinghe, SP and Anderson, JAM and Lam, MS and Tseng, CW},
journal = {PPSC},
title = {{An Overview of the SUIF Compiler for Scalable Parallel Machines.}},
url = {http://www.researchgate.net/publication/2646829_Chapter_1_An_Overview_of_the_SUIF_Compiler_for_Scalable_Parallel_Machines/file/60b7d5193bc4fef52b.pdf},
year = {1995}
}
@article{Rinard1996,
author = {Rinard, MC and Diniz, PC},
file = {:home/etn/Documents/PhD/Biblio/Rinard, Diniz - 1996 - Commutativity analysis A new analysis framework for parallelizing compilers.pdf:pdf},
journal = {ACM SIGPLAN Notices},
title = {{Commutativity analysis: A new analysis framework for parallelizing compilers}},
url = {http://dl.acm.org/citation.cfm?id=231390},
year = {1996}
}
@article{Rodgers1985,
author = {Rodgers, DP},
journal = {ACM SIGARCH Computer Architecture News},
title = {{Improvements in multiprocessor system design}},
url = {http://dl.acm.org/citation.cfm?id=327215},
year = {1985}
}
@article{Amarasinghe1994,
author = {Amarasinghe, SP and Anderson, JM},
journal = {\ldots  and Compilers for Parallel \ldots},
title = {{An overview of a compiler for scalable parallel machines}},
url = {http://link.springer.com/chapter/10.1007/3-540-57659-2_15},
year = {1994}
}
@book{Halbherr1994,
author = {Halbherr, MR and Zhou, Y and Joerg, CF},
file = {:home/etn/Documents/PhD/Biblio/Halbherr, Zhou, Joerg - 1994 - MIMO-style parallel programming based on continuation-passing threads.pdf:pdf},
title = {{MIMO-style parallel programming based on continuation-passing threads}},
url = {http://citeseerx.ist.psu.edu/viewdoc/download?doi=10.1.1.16.9812&rep=rep1&type=pdf},
year = {1994}
}
@article{Perez2008,
author = {Perez, JM and Badia, RM and Labarta, J},
file = {:home/etn/Documents/PhD/Biblio/Perez, Badia, Labarta - 2008 - A dependency-aware task-based programming environment for multi-core architectures.pdf:pdf},
journal = {Cluster Computing, 2008  \ldots},
title = {{A dependency-aware task-based programming environment for multi-core architectures}},
url = {http://ieeexplore.ieee.org/xpls/abs_all.jsp?arnumber=4663765},
year = {2008}
}
@article{Jr1989,
author = {Jr, GL Steele},
file = {:home/etn/Documents/PhD/Biblio/Jr - 1989 - Making asynchronous parallelism safe for the world.pdf:pdf},
journal = {Proceedings of the 17th ACM SIGPLAN-SIGACT  \ldots},
title = {{Making asynchronous parallelism safe for the world}},
url = {http://dl.acm.org/citation.cfm?id=96731},
year = {1989}
}
@article{Amini2012,
author = {Amini, M},
title = {{Transformations de programme automatiques et source-\`{a}-source pour acc\'{e}l\'{e}rateurs mat\'{e}riels de type GPU}},
url = {http://hal.archives-ouvertes.fr/pastel-00958033/},
year = {2012}
}
@article{Gordon2006,
author = {Gordon, MI and Thies, W and Amarasinghe, S},
file = {:home/etn/Documents/PhD/Biblio/Gordon, Thies, Amarasinghe - 2006 - Exploiting coarse-grained task, data, and pipeline parallelism in stream programs.pdf:pdf},
journal = {ACM SIGOPS Operating Systems  \ldots},
title = {{Exploiting coarse-grained task, data, and pipeline parallelism in stream programs}},
url = {http://dl.acm.org/citation.cfm?id=1168877},
year = {2006}
}
@article{Anderson,
author = {Fortuna, E. and Anderson, O. and Ceze, L. and Eggers, S.},
file = {:home/etn/Documents/PhD/Biblio/Fortuna et al. - Unknown - A Limit Study of JavaScript Parallelism.pdf:pdf},
journal = {ready.cs.washington.edu},
title = {{A Limit Study of JavaScript Parallelism}},
url = {https://ready.cs.washington.edu/$\sim$luisceze/publications/fortuna-iiswc2010.pdf}
}
@book{Banerjee2013,
author = {Banerjee, U},
title = {{Loop parallelization}},
url = {https://books.google.com/books?hl=en&lr=&id=9xXrBwAAQBAJ&oi=fnd&pg=PR13&dq=loop+parallelization&ots=flLbnvNcCM&sig=a1VFNFLS3_TRjBVdpPr8mrH-0DE},
year = {2013}
}
@article{Dean2008,
author = {Dean, J and Ghemawat, S},
journal = {Communications of the ACM},
title = {{MapReduce: simplified data processing on large clusters}},
url = {http://dl.acm.org/citation.cfm?id=1327492},
year = {2008}
}
