Automatically generated by Mendeley Desktop 1.16-dev1
Any changes to this file will be lost if it is regenerated by Mendeley.

BibTeX export options can be customized via Options -> BibTeX in Mendeley Desktop

@phdthesis{Vrba2009,
author = {Vrba, {\v{Z}}eljko},
keywords = {alire,dataflow},
school = {PhD thesis, Department of Informatics, University of Oslo, Norway},
title = {{Implementation and performance aspects of Kahn process networks}},
year = {2009}
}
@techreport{Kahn1976,
abstract = {Les concepts de coroutine et de processus interviennent dans une grande vari{\'{e}}t{\'{e}} d'applications, o{\`{u}} il est en g{\'{e}}n{\'{e}}ral n{\'{e}}cessaire de produire ou de transformer des donn{\'{e}}es de fa{\c{c}}on progressive. Nous pr{\'{e}}sentons un langage, fond{\'{e}} sur une vue s{\'{e}}mantique pr{\'{e}}cises de l'interaction entre processus, qui facilite la programmation de r{\'{e}}seaux de processus qui {\'{e}}voluent dynamiquement. Ces r{\'{e}}seaux ont un comportement externe unique, qu'ils soient ex{\'{e}}cut{\'{e}}s de mani{\`{e}}re s{\'{e}}quentielle ou parall{\`{e}}le. Les avantages d'une s{\'{e}}mantique d{\'{e}}notationelle simple sont illustr{\'{e}}s par des preuves de programmes. Ce langage de programmation permet aussi de clarifier les relations entre plusieurs concepts : coroutines, appel par n{\'{e}}cessit{\'{e}}, structures de donn{\'{e}}es dynamiques et calcul parall{\`{e}}le.},
author = {Kahn, Gilles and Macqueen, David},
file = {:home/etn/Documents/PhD/Biblio/Kahn, Macqueen - 1976 - Coroutines and Networks of Parallel Processes.pdf:pdf},
language = {en},
pages = {20},
title = {{Coroutines and Networks of Parallel Processes}},
url = {https://hal.inria.fr/inria-00306565/},
year = {1976}
}
@article{Kahn1974,
abstract = {In this paper, we describe a simple language for parallel programming. Its semantics is studied thoroughly. The desirable properties of this language and its deficiencies are exhibited by this theoretical study. Basic results on parallel program schemata are given. We hope in this way to make a case for a more formal (i.e. mathematical) approach to the design of languages for systems programming and the design of operating systems.},
author = {Kahn, Gilles},
file = {:home/etn/Documents/PhD/Biblio/Kahn - 1974 - The semantics of a simple language for parallel programming.pdf:pdf},
journal = {In Information Processingâ€™74: Proceedings of the IFIP Congress},
keywords = {dataflow,important,lu},
pages = {471--475},
publisher = {North-Holland},
title = {{The semantics of a simple language for parallel programming}},
url = {http://www.tik.ee.ethz.ch/tik/education/lectures/hswcd/papers/2{\_}KahnProcessNetworks.pdf http://www.citeulike.org/group/872/article/349829},
volume = {74},
year = {1974}
}
