Automatically generated by Mendeley Desktop 1.16-dev2
Any changes to this file will be lost if it is regenerated by Mendeley.

BibTeX export options can be customized via Options -> BibTeX in Mendeley Desktop

@book{Brauer1980,
address = {Berlin, Heidelberg},
doi = {10.1007/3-540-100016},
editor = {Brauer, Wilfried},
isbn = {978-3-540-10001-0},
publisher = {Springer Berlin Heidelberg},
series = {Lecture Notes in Computer Science},
title = {{Net Theory and Applications}},
url = {http://www.springerlink.com/index/10.1007/3-540-100016},
volume = {84},
year = {1980}
}
