Automatically generated by Mendeley Desktop 1.14.1-dev5
Any changes to this file will be lost if it is regenerated by Mendeley.

BibTeX export options can be customized via Options -> BibTeX in Mendeley Desktop

@article{Behren2003a,
author = {Behren, R Von and Condit, J and Zhou, F},
file = {:home/etn/Documents/PhD/Biblio/Behren, Condit, Zhou - 2003 - Capriccio scalable threads for internet services.pdf:pdf},
journal = {ACM SIGOPS \ldots},
keywords = {Capriccio,Thread},
mendeley-tags = {Capriccio,Thread},
title = {{Capriccio: scalable threads for internet services}},
url = {http://dl.acm.org/citation.cfm?id=945471},
year = {2003}
}
@book{Welsh2000,
author = {Welsh, M and Gribble, SD and Brewer, EA and Culler, D},
file = {:home/etn/Documents/PhD/Biblio/Welsh et al. - 2000 - A design framework for highly concurrent systems.pdf:pdf},
keywords = {Event,SEDA},
mendeley-tags = {Event,SEDA},
title = {{A design framework for highly concurrent systems}},
url = {http://www.cs.berkeley.edu/$\sim$culler/papers/events.pdf},
year = {2000}
}
@article{Ousterhout1996,
author = {Ousterhout, J},
file = {:home/etn/Documents/PhD/Biblio/Ousterhout - 1996 - Why threads are a bad idea (for most purposes).pdf:pdf},
journal = {Presentation given at the 1996 Usenix Annual Conference},
title = {{Why threads are a bad idea (for most purposes)}},
url = {http://chess.cs.umd.edu/class/spring2009/cmsc433/Lectures/threadVsEvents.pdf},
year = {1996}
}
@article{Reed2012,
author = {Reed, DP},
file = {:home/etn/Documents/PhD/Biblio/Reed - 2012 - Simultaneous Considered Harmful Modular Parallelism.pdf:pdf},
journal = {HotPar},
title = {{" Simultaneous" Considered Harmful: Modular Parallelism.}},
url = {https://scholar.google.com/scholar?q=%E2%80%9CSimultaneous%E2%80%9D+Considered+Harmful%3A+Modular+Parallelism&btnG=&hl=en&as_sdt=0%2C39#0},
year = {2012}
}
@article{Haynes1984,
author = {Haynes, CT and Friedman, DP and Wand, M},
file = {:home/etn/Documents/PhD/Biblio/Haynes, Friedman, Wand - 1984 - Continuations and coroutines.pdf:pdf},
journal = {\ldots of the 1984 ACM Symposium on \ldots},
title = {{Continuations and coroutines}},
url = {http://dl.acm.org/citation.cfm?id=802046},
year = {1984}
}
@article{Hoare1974,
author = {Hoare, C. A. R.},
doi = {10.1145/355620.361161},
file = {:home/etn/Documents/PhD/Biblio/Hoare - 1974 - Monitors an operating system structuring concept.pdf:pdf},
issn = {00010782},
journal = {Communications of the ACM},
keywords = {monitors,mutual exclusion,operating systems,scheduling,structured multiprogramming,synchronization,system implementation languages},
month = {oct},
number = {10},
pages = {549--557},
publisher = {ACM},
title = {{Monitors: an operating system structuring concept}},
url = {http://dl.acm.org/citation.cfm?id=355620.361161},
volume = {17},
year = {1974}
}
@inproceedings{Salmito2013,
author = {Salmito, Tiago and de Moura, Ana Lucia and Rodriguez, Noemi},
booktitle = {2013 42nd International Conference on Parallel Processing},
doi = {10.1109/ICPP.2013.80},
file = {:home/etn/Documents/PhD/Biblio/Salmito, Moura, Rodriguez - 2013 - A Flexible Approach to Staged Events.pdf:pdf},
isbn = {978-0-7695-5117-3},
issn = {0190-3918},
keywords = {Concurrent computing,Connectors,Instruction sets,Kernel,Leda,Parallel processing,Runtime,SEDA,Servers,application logic,asynchronous communication channels,concurrency,concurrency control,directed graph,directed graphs,event-driven,hybrid concurrent model classification,multi-threading,parallel architectures,staged event driven architecture,stages,threads},
language = {English},
month = {oct},
pages = {661--670},
publisher = {IEEE},
title = {{A Flexible Approach to Staged Events}},
url = {http://ieeexplore.ieee.org/articleDetails.jsp?arnumber=6687404},
year = {2013}
}
@article{Adya2002,
author = {Adya, A and Howell, J and Theimer, M},
file = {:home/etn/Documents/PhD/Biblio/Adya, Howell, Theimer - 2002 - Cooperative Task Management Without Manual Stack Management.pdf:pdf},
journal = {USENIX Annual Technical Conference},
title = {{Cooperative Task Management Without Manual Stack Management.}},
url = {http://static.usenix.org/publications/library/proceedings/usenix02/full_papers/adyahowell/adyahowell_html/},
year = {2002}
}
@article{Pai1999,
author = {Pai, VS and Druschel, P and Zwaenepoel, W},
file = {:home/etn/Documents/PhD/Biblio/Pai, Druschel, Zwaenepoel - 1999 - Flash An efficient and portable Web server.pdf:pdf},
journal = {USENIX Annual Technical Conference},
keywords = {Flash,event},
mendeley-tags = {Flash,event},
title = {{Flash: An efficient and portable Web server.}},
url = {https://www.usenix.org/event/usenix99/full_papers/pai/pai_html/node7.html},
year = {1999}
}
@article{Salmito2014,
author = {Salmito, Tiago and de Moura, Ana L\'{u}cia and Rodriguez, Noemi},
doi = {10.1007/s11227-014-1110-4},
file = {:home/etn/Documents/PhD/Biblio/Salmito, de Moura, Rodriguez - 2014 - A stepwise approach to developing staged applications.pdf:pdf},
issn = {0920-8542},
journal = {The Journal of Supercomputing},
month = {jan},
title = {{A stepwise approach to developing staged applications}},
url = {http://link.springer.com/10.1007/s11227-014-1110-4},
year = {2014}
}
@article{Jr1977,
author = {Jr, HC Baker and Hewitt, C},
file = {:home/etn/Documents/PhD/Biblio/Jr, Hewitt - 1977 - The incremental garbage collection of processes(2).pdf:pdf},
journal = {ACM SIGART Bulletin},
title = {{The incremental garbage collection of processes}},
url = {http://dl.acm.org/citation.cfm?id=806932},
year = {1977}
}
@article{Gilbert2002a,
author = {Gilbert, Seth and Lynch, Nancy},
doi = {10.1145/564585.564601},
file = {:home/etn/Documents/PhD/Biblio/Gilbert, Lynch - 2002 - Brewer's conjecture and the feasibility of consistent, available, partition-tolerant web services(2).pdf:pdf},
issn = {01635700},
journal = {ACM SIGACT News},
keywords = {CAP},
mendeley-tags = {CAP},
month = {jun},
number = {2},
pages = {51},
publisher = {ACM},
title = {{Brewer's conjecture and the feasibility of consistent, available, partition-tolerant web services}},
url = {http://dl.acm.org/citation.cfm?id=564585.564601},
volume = {33},
year = {2002}
}
@article{Gribble2001,
author = {Gribble, SD and Welsh, M and Behren, R Von},
file = {:home/etn/Documents/PhD/Biblio/Gribble, Welsh, Behren - 2001 - The Ninja architecture for robust Internet-scale systems and services.pdf:pdf},
journal = {Computer Networks},
title = {{The Ninja architecture for robust Internet-scale systems and services}},
url = {http://www.sciencedirect.com/science/article/pii/S1389128600001791},
year = {2001}
}
@book{Liskov1988,
author = {Liskov, B and Shrira, L},
title = {{Promises: linguistic support for efficient asynchronous procedure calls in distributed systems}},
url = {http://dl.acm.org/citation.cfm?id=54016},
year = {1988}
}
@article{Wand1980,
author = {Wand, M},
journal = {Proceedings of the 1980 ACM conference on LISP and  \ldots},
title = {{Continuation-based multiprocessing}},
url = {http://dl.acm.org/citation.cfm?id=802786},
year = {1980}
}
@article{Krohn2007,
author = {Krohn, MN and Kohler, E and Kaashoek, MF},
file = {:home/etn/Documents/PhD/Biblio/Krohn, Kohler, Kaashoek - 2007 - Events Can Make Sense.pdf:pdf},
journal = {USENIX Annual Technical Conference},
keywords = {TAME,event},
mendeley-tags = {TAME,event},
title = {{Events Can Make Sense.}},
url = {https://www.usenix.org/legacy/events/usenix07/tech/full_papers/krohn/krohn_html/},
year = {2007}
}
@article{Gilbert2012,
author = {Gilbert, S and Lynch, NA},
file = {:home/etn/Documents/PhD/Biblio/Gilbert, Lynch - 2012 - Perspectives on the CAP Theorem.pdf:pdf},
title = {{Perspectives on the CAP Theorem}},
url = {http://dspace.mit.edu/handle/1721.1/79112},
year = {2012}
}
@article{Gustafsson2005,
author = {Gustafsson, A},
file = {:home/etn/Documents/PhD/Biblio/Gustafsson - 2005 - Threads without the pain.pdf:pdf},
journal = {Queue},
title = {{Threads without the pain}},
url = {http://dl.acm.org/citation.cfm?id=1105678},
year = {2005}
}
@article{Behren2003,
author = {von Behren, JR and Condit, J and Brewer, EA},
file = {:home/etn/Documents/PhD/Biblio/Behren, Condit, Brewer - 2003 - Why Events Are a Bad Idea (for High-Concurrency Servers).pdf:pdf},
journal = {HotOS},
title = {{Why Events Are a Bad Idea (for High-Concurrency Servers).}},
url = {http://static.usenix.org/publications/library/proceedings/hotos03/tech/full_papers/vonbehren/vonbehren_html/},
year = {2003}
}
@article{Chandy2006,
author = {Chandy, KM},
file = {:home/etn/Documents/PhD/Biblio/Chandy - 2006 - Event-driven applications Costs, benefits and design approaches.pdf:pdf},
journal = {Gartner Application Integration and Web Services \ldots},
title = {{Event-driven applications: Costs, benefits and design approaches}},
url = {https://scholar.google.com/scholar?q=Event-Driven Applications: Costs, Benefits and Design Approaches&btnG=Search&as_sdt=800000000001&as_sdtp=on#0},
year = {2006}
}
@article{Li2007,
author = {Li, P and Zdancewic, S},
file = {:home/etn/Documents/PhD/Biblio/Li, Zdancewic - 2007 - Combining events and threads for scalable network services implementation and evaluation of monadic, application-.pdf:pdf},
journal = {ACM SIGPLAN Notices},
title = {{Combining events and threads for scalable network services implementation and evaluation of monadic, application-level concurrency primitives}},
url = {http://dl.acm.org/citation.cfm?id=1250756},
year = {2007}
}
@article{Lauer1979,
author = {Lauer, HC and Needham, RM},
file = {:home/etn/Documents/PhD/Biblio/Lauer, Needham - 1979 - On the duality of operating system structures.pdf:pdf},
journal = {ACM SIGOPS Operating Systems Review},
title = {{On the duality of operating system structures}},
url = {http://dl.acm.org/citation.cfm?id=850658},
year = {1979}
}
@article{Hewitt1973a,
author = {Hewitt, C and Bishop, P and Steiger, R},
file = {:home/etn/Documents/PhD/Biblio/Hewitt, Bishop, Steiger - 1973 - A universal modular actor formalism for artificial intelligence.pdf:pdf},
journal = {Proceedings of the 3rd international joint conference on Artificial intelligence},
title = {{A universal modular actor formalism for artificial intelligence}},
url = {http://dl.acm.org/citation.cfm?id=1624804},
year = {1973}
}
