Automatically generated by Mendeley Desktop 1.16-dev4
Any changes to this file will be lost if it is regenerated by Mendeley.

BibTeX export options can be customized via Options -> BibTeX in Mendeley Desktop

@article{Hoare1978,
author = {Hoare, C. A. R.},
doi = {10.1145/359576.359585},
file = {:home/etn/Documents/PhD/Biblio/Hoare - 1978 - Communicating sequential processes.pdf:pdf},
issn = {00010782},
journal = {Communications of the ACM},
keywords = {classes,concurrency,conditional critical regions,coroutines,data representations,guarded commands,input,iterative arrays,monitors,multiple entries,multiple exits,nondeterminacy,output,parallel programming,procedures,program structures,programming,programming languages,programming primitives,recursion},
month = {aug},
number = {8},
pages = {666--677},
publisher = {ACM},
title = {{Communicating sequential processes}},
url = {http://dl.acm.org/citation.cfm?id=359576.359585},
volume = {21},
year = {1978}
}
@article{Brookes1984,
author = {Brookes, S. D. and Hoare, C. A. R. and Roscoe, A. W.},
doi = {10.1145/828.833},
file = {:home/etn/Documents/PhD/Biblio/Brookes, Hoare, Roscoe - 1984 - A Theory of Communicating Sequential Processes.pdf:pdf},
issn = {00045411},
journal = {Journal of the ACM},
month = {jun},
number = {3},
pages = {560--599},
publisher = {ACM},
title = {{A Theory of Communicating Sequential Processes}},
url = {http://dl.acm.org/citation.cfm?id=828.833},
volume = {31},
year = {1984}
}
@article{Hall2002,
author = {Hall, A. and Chapman, R.},
doi = {10.1109/52.976937},
file = {:home/etn/Documents/PhD/Biblio/Hall, Chapman - 2002 - Correctness by construction developing a commercial secure system.pdf:pdf},
issn = {07407459},
journal = {IEEE Software},
keywords = {Certification,Data security,Information security,Information technology,Packaging,Praxis Critical Systems,Smart cards,Software packages,Throughput,Usability,User interfaces,commercial productivity,formal specification,performance,requirements elicitation,secure certification,security constraints,security of data,smart cards,software engineering,usability,user interface prototyping},
language = {English},
number = {1},
pages = {18--25},
publisher = {IEEE},
title = {{Correctness by construction: developing a commercial secure system}},
url = {http://ieeexplore.ieee.org/articleDetails.jsp?arnumber=976937},
volume = {19},
year = {2002}
}
@incollection{He1990,
author = {He, Jifeng and Josephs, Mark B and Hoare, C A R},
booktitle = {Programming Concepts and Methods},
file = {:home/etn/Documents/PhD/Biblio/He, Josephs, Hoare - 1990 - A Theory of Synchrony and Asynchrony.pdf:pdf},
pages = {459--478},
title = {{A Theory of Synchrony and Asynchrony}},
url = {http://www.cs.ox.ac.uk/files/6120/He 90 - Theory.pdf},
year = {1990}
}
