Automatically generated by Mendeley Desktop 1.14.1-dev5
Any changes to this file will be lost if it is regenerated by Mendeley.

BibTeX export options can be customized via Options -> BibTeX in Mendeley Desktop

@article{Gautier1987,
author = {Gautier, T and Guernic, P Le and Besnard, L},
journal = {Functional programming languages  \ldots},
title = {{Signal: A declarative language for synchronous programming of real-time systems}},
url = {http://link.springer.com/chapter/10.1007/3-540-18317-5_15},
year = {1987}
}
@article{Lee1987,
annote = {Ptolemy},
author = {Lee, Edward A and Messerschmitt, David G},
journal = {Proceedings of the IEEE},
keywords = {alire,dataflow},
number = {9},
pages = {1235--1245},
publisher = {IEEE},
title = {{Synchronous data flow}},
url = {http://ieeexplore.ieee.org/xpls/abs_all.jsp?arnumber=1458143},
volume = {75},
year = {1987}
}
@article{Berry1984b,
author = {Berry, G and Cosserat, L},
title = {{The Esterel synchronous programming language and its mathematical semantics}},
url = {http://hal.inria.fr/docs/00/07/62/30/PDF/RR-0327.pdf},
year = {1984}
}
