Automatically generated by Mendeley Desktop 1.16-dev1
Any changes to this file will be lost if it is regenerated by Mendeley.

BibTeX export options can be customized via Options -> BibTeX in Mendeley Desktop

@article{Aref2004,
author = {Aref, WG and Elmagarmid, AK},
journal = {{\ldots}  on Data  {\ldots}},
title = {{Nile: a query processing engine for data streams}},
url = {http://www-users.cs.umn.edu/{~}mokbel/papers/NileDemo.pdf},
year = {2004}
}
@article{Arasu2005,
author = {Arasu, Arvind and Babu, Shivnath and Widom, Jennifer},
doi = {10.1007/s00778-004-0147-z},
file = {:home/etn/Documents/PhD/Biblio/Arasu, Babu, Widom - 2005 - The CQL continuous query language semantic foundations and query execution.pdf:pdf},
issn = {1066-8888},
journal = {The VLDB Journal},
keywords = {Continuous queries,Data streams,Query language,Query processing},
month = {jul},
number = {2},
pages = {121--142},
publisher = {Springer-Verlag New York, Inc.},
title = {{The CQL continuous query language: semantic foundations and query execution}},
url = {http://dl.acm.org/citation.cfm?id=1146461.1146463},
volume = {15},
year = {2005}
}
@article{Thusoo2009,
author = {Thusoo, Ashish and Sarma, Joydeep Sen and Jain, Namit and Shao, Zheng and Chakka, Prasad and Anthony, Suresh and Liu, Hao and Wyckoff, Pete and Murthy, Raghotham},
doi = {10.14778/1687553.1687609},
issn = {21508097},
journal = {Proceedings of the VLDB Endowment},
month = {aug},
number = {2},
pages = {1626--1629},
publisher = {VLDB Endowment},
title = {{Hive}},
url = {http://dl.acm.org/citation.cfm?id=1687553.1687609},
volume = {2},
year = {2009}
}
