Automatically generated by Mendeley Desktop 1.16-dev2
Any changes to this file will be lost if it is regenerated by Mendeley.

BibTeX export options can be customized via Options -> BibTeX in Mendeley Desktop

@book{Liskov1988,
author = {Liskov, B and Shrira, L},
title = {{Promises: linguistic support for efficient asynchronous procedure calls in distributed systems}},
url = {http://dl.acm.org/citation.cfm?id=54016},
year = {1988}
}
@article{Haynes1984,
author = {Haynes, CT and Friedman, DP and Wand, M},
file = {:home/etn/Documents/PhD/Biblio/Haynes, Friedman, Wand - 1984 - Continuations and coroutines.pdf:pdf},
journal = {{\ldots} of the 1984 ACM Symposium on {\ldots}},
title = {{Continuations and coroutines}},
url = {http://dl.acm.org/citation.cfm?id=802046},
year = {1984}
}
@article{Wand1980,
author = {Wand, M},
journal = {Proceedings of the 1980 ACM conference on LISP and  {\ldots}},
title = {{Continuation-based multiprocessing}},
url = {http://dl.acm.org/citation.cfm?id=802786},
year = {1980}
}
@article{Lawall1993,
author = {Lawall, JL and Danvy, O},
file = {:home/etn/Documents/PhD/Biblio/Lawall, Danvy - 1993 - Separating stages in the continuation-passing style transformation.pdf:pdf},
journal = {Proceedings of the 20th ACM SIGPLAN-SIGACT  {\ldots}},
title = {{Separating stages in the continuation-passing style transformation}},
url = {http://dl.acm.org/citation.cfm?id=158613},
year = {1993}
}
@article{Flanagan1993,
author = {Flanagan, Cormac and Sabry, Amr and Duba, Bruce F. and Felleisen, Matthias},
doi = {10.1145/173262.155113},
isbn = {0-89791-598-4},
issn = {03621340},
journal = {ACM SIGPLAN Notices},
month = {jun},
number = {6},
pages = {237--247},
publisher = {ACM},
title = {{The essence of compiling with continuations}},
url = {http://dl.acm.org/citation.cfm?id=173262.155113},
volume = {28},
year = {1993}
}
