Automatically generated by Mendeley Desktop 1.14.1-dev5
Any changes to this file will be lost if it is regenerated by Mendeley.

BibTeX export options can be customized via Options -> BibTeX in Mendeley Desktop

@article{Lawall1993,
author = {Lawall, JL and Danvy, O},
file = {:home/etn/Documents/PhD/Biblio/Lawall, Danvy - 1993 - Separating stages in the continuation-passing style transformation.pdf:pdf},
journal = {Proceedings of the 20th ACM SIGPLAN-SIGACT  \ldots},
title = {{Separating stages in the continuation-passing style transformation}},
url = {http://dl.acm.org/citation.cfm?id=158613},
year = {1993}
}
