Automatically generated by Mendeley Desktop 1.11
Any changes to this file will be lost if it is regenerated by Mendeley.

BibTeX export options can be customized via Preferences -> BibTeX in Mendeley Desktop

@article{Fouquet2012,
author = {Fouquet, F and Morin, B and Fleurey, F},
file = {:Users/etn/Documents/PhD/Biblio/Fouquet, Morin, Fleurey - 2012 - A dynamic component model for cyber physical systems.pdf:pdf},
journal = {\ldots  Compon. Based  \ldots},
title = {A dynamic component model for cyber physical systems},
url = {http://dl.acm.org/citation.cfm?id=2304759},
year = {2012}
}
@article{Steen2007,
author = {Steen, Marteen Van and Tanenbaum, Andrew S},
file = {:Users/etn/Documents/PhD/Biblio/Steen, Tanenbaum - 2007 - Distributed Systems principles and paradigms.pdf:pdf},
journal = {Network},
title = {Distributed Systems: principles and paradigms},
url = {http://u.cs.biu.ac.il/~ariel/download/ds590/pdfs/notes.01.pdf},
year = {2007}
}
@book{Liskov1988,
author = {Liskov, B and Shrira, L},
file = {:Users/etn/Documents/PhD/Biblio/Liskov, Shrira - 1988 - Promises linguistic support for efficient asynchronous procedure calls in distributed systems.pdf:pdf},
title = {Promises: linguistic support for efficient asynchronous procedure calls in distributed systems},
url = {http://dl.acm.org/citation.cfm?id=54016},
year = {1988}
}
