Automatically generated by Mendeley Desktop 1.14.1-dev5
Any changes to this file will be lost if it is regenerated by Mendeley.

BibTeX export options can be customized via Options -> BibTeX in Mendeley Desktop

@article{Jouhier,
author = {Jouhier, Bruno},
title = {{Streamline.js}},
url = {https://github.com/Sage/streamlinejs}
}
