Automatically generated by Mendeley Desktop 1.11
Any changes to this file will be lost if it is regenerated by Mendeley.

BibTeX export options can be customized via Preferences -> BibTeX in Mendeley Desktop

@article{Venkatesha2009,
author = {Venkatesha, S and Sadhu, S and Kintali, S},
file = {:Users/etn/Documents/PhD/Biblio/Venkatesha, Sadhu, Kintali - 2009 - Survey of virtual machine migration techniques.pdf:pdf},
journal = {Memory},
title = {Survey of virtual machine migration techniques},
url = {http://scholar.google.com/scholar?hl=en\&btnG=Search\&q=intitle:Survey+of+Virtual+Machine+Migration+Techniques\#5},
year = {2009}
}
@article{Milojicic2000,
author = {Miloji\v{c}i\'{c}, DS and Douglis, F},
file = {:Users/etn/Documents/PhD/Biblio/Miloji\v{c}i\'{c}, Douglis - 2000 - Process migration.pdf:pdf},
journal = {ACM Comput.  \ldots},
title = {Process migration},
url = {http://dl.acm.org/citation.cfm?id=367728},
year = {2000}
}
@article{Fuggetta1998,
author = {Fuggetta, A and Lavazza, L and Morasca, S},
file = {:Users/etn/Documents/PhD/Biblio/Fuggetta, Lavazza, Morasca - 1998 - Applying GQM in an industrial software factory.pdf:pdf},
journal = {\ldots  Softw.  \ldots},
title = {Applying GQM in an industrial software factory},
url = {http://dl.acm.org/citation.cfm?id=292197},
year = {1998}
}
