Automatically generated by Mendeley Desktop 1.11
Any changes to this file will be lost if it is regenerated by Mendeley.

BibTeX export options can be customized via Preferences -> BibTeX in Mendeley Desktop

@article{Jones2003,
author = {Jones, J},
file = {:Users/etn/Documents/PhD/Biblio/Jones - 2003 - Abstract syntax tree implementation idioms.pdf:pdf},
journal = {Proc. 10th Conf. Pattern Lang. Programs},
title = {Abstract syntax tree implementation idioms},
url = {http://scholar.google.com/scholar?hl=en\&btnG=Search\&q=intitle:Abstract+Syntax+Tree+Implementation+Idioms\#1 http://scholar.google.com/scholar?hl=en\&btnG=Search\&q=intitle:Abstract+syntax+tree+implementation+idioms\#1},
year = {2003}
}
@article{Dean2008,
author = {Dean, J and Ghemawat, S},
journal = {Commun. ACM},
title = {MapReduce: simplified data processing on large clusters},
url = {http://dl.acm.org/citation.cfm?id=1327492},
year = {2008}
}
@article{Gude2008,
author = {Gude, N and Koponen, T and Pettit, J and Pfaff, B},
file = {:Users/etn/Documents/PhD/Biblio/Gude et al. - 2008 - NOX towards an operating system for networks.pdf:pdf},
journal = {ACM SIGCOMM  \ldots},
title = {NOX: towards an operating system for networks},
url = {http://dl.acm.org/citation.cfm?id=1384625},
year = {2008}
}
@article{Ventra2012,
author = {Ventra, M Di and Pershin, YV},
file = {:Users/etn/Documents/PhD/Biblio/Ventra, Pershin - 2012 - Memcomputing a computing paradigm to store and process information on the same physical platform.pdf:pdf},
journal = {arXiv Prepr. arXiv1211.4487},
title = {Memcomputing: a computing paradigm to store and process information on the same physical platform},
url = {http://arxiv.org/abs/1211.4487},
year = {2012}
}
