Automatically generated by Mendeley Desktop 1.11
Any changes to this file will be lost if it is regenerated by Mendeley.

BibTeX export options can be customized via Preferences -> BibTeX in Mendeley Desktop

@article{Dean2008,
author = {Dean, J and Ghemawat, S},
journal = {Commun. ACM},
title = {MapReduce: simplified data processing on large clusters},
url = {http://dl.acm.org/citation.cfm?id=1327492},
year = {2008}
}
@article{Amini2012,
author = {Amini, M},
file = {:Users/etn/Documents/PhD/Biblio/Amini - 2012 - Transformations de programme automatiques et source-\`{a}-source pour acc\'{e}l\'{e}rateurs mat\'{e}riels de type GPU.pdf:pdf},
title = {Transformations de programme automatiques et source-\`{a}-source pour acc\'{e}l\'{e}rateurs mat\'{e}riels de type GPU},
url = {http://hal.archives-ouvertes.fr/pastel-00958033/},
year = {2012}
}
@article{Petit2009,
author = {Petit, E},
file = {:Users/etn/Documents/PhD/Biblio/Petit - 2009 - Vers un partitionnement automatique d'applications en codelets sp\'{e}culatifs pour les syst\`{e}mes h\'{e}t\'{e}rog\`{e}nes \`{a} m\'{e}moir.pdf:pdf},
title = {Vers un partitionnement automatique d'applications en codelets sp\'{e}culatifs pour les syst\`{e}mes h\'{e}t\'{e}rog\`{e}nes \`{a} m\'{e}moires distribu\'{e}es},
url = {http://hal.inria.fr/tel-00445512/},
year = {2009}
}
