Automatically generated by Mendeley Desktop 1.11
Any changes to this file will be lost if it is regenerated by Mendeley.

BibTeX export options can be customized via Preferences -> BibTeX in Mendeley Desktop

@article{Milner1991,
author = {Milner, R and Parrow, J and Walker, D},
file = {:Users/etn/Documents/PhD/Biblio/Milner, Parrow, Walker - 1991 - Modal logics for mobile processes.pdf:pdf},
journal = {CONCUR'91},
title = {Modal logics for mobile processes},
url = {http://link.springer.com/chapter/10.1007/3-540-54430-5\_80},
year = {1991}
}
@article{Milner1992,
author = {Milner, R and Parrow, J and Walker, D},
file = {:Users/etn/Documents/PhD/Biblio/Milner, Parrow, Walker - 1992 - A calculus of mobile processes, i.pdf:pdf},
journal = {Inf. Comput.},
title = {A calculus of mobile processes, i},
url = {http://www.sciencedirect.com/science/article/pii/0890540192900084},
year = {1992}
}
@book{Milner1993,
author = {Milner, R},
file = {:Users/etn/Documents/PhD/Biblio/Milner - 1993 - The polyadic $\pi$-calculus a tutorial.pdf:pdf},
title = {The polyadic $\pi$-calculus: a tutorial},
url = {http://link.springer.com/chapter/10.1007/978-3-642-58041-3\_6},
year = {1993}
}
@article{Pierce2000,
author = {Pierce, BC and Turner, DN},
file = {:Users/etn/Documents/PhD/Biblio/Pierce, Turner - 2000 - Pict a programming language based on the Pi-Calculus.pdf:pdf},
journal = {Proof, Lang. Interact.},
title = {Pict: a programming language based on the Pi-Calculus.},
url = {http://books.google.com/books?hl=en\&lr=\&id=g8DEO9DwmZoC\&oi=fnd\&pg=PA455\&dq=pict+pi+calculus\&ots=\_k60hkkCaQ\&sig=A\_\_Ajof3EAYvQbwg8f62MfLqc1g},
year = {2000}
}
