Automatically generated by Mendeley Desktop 1.16-dev4
Any changes to this file will be lost if it is regenerated by Mendeley.

BibTeX export options can be customized via Options -> BibTeX in Mendeley Desktop

@article{Hofmann2013,
author = {Hofmann, OS and Kim, S and Dunn, AM},
journal = {{\ldots}  and operating systems},
title = {{Inktag: secure applications on an untrusted operating system}},
url = {http://dl.acm.org/citation.cfm?id=2451146},
year = {2013}
}
