Automatically generated by Mendeley Desktop 1.16-dev2
Any changes to this file will be lost if it is regenerated by Mendeley.

BibTeX export options can be customized via Options -> BibTeX in Mendeley Desktop

@article{Gordon2012,
author = {Gordon, Colin S. and Parkinson, Matthew J. and Parsons, Jared and Bromfield, Aleks and Duffy, Joe},
doi = {10.1145/2398857.2384619},
file = {:home/etn/Documents/PhD/Biblio/Gordon et al. - 2012 - Uniqueness and reference immutability for safe parallelism.pdf:pdf},
isbn = {978-1-4503-1561-6},
issn = {03621340},
journal = {ACM SIGPLAN Notices},
keywords = {concurrency,reference immutability,type systems,views},
month = {nov},
number = {10},
pages = {21},
publisher = {ACM},
title = {{Uniqueness and reference immutability for safe parallelism}},
url = {http://dl.acm.org/citation.cfm?id=2398857.2384619},
volume = {47},
year = {2012}
}
