Automatically generated by Mendeley Desktop 1.14.1-dev5
Any changes to this file will be lost if it is regenerated by Mendeley.

BibTeX export options can be customized via Options -> BibTeX in Mendeley Desktop

@article{Parnas2002,
author = {Parnas, DL},
journal = {Software pioneers},
title = {{The secret history of information hiding}},
url = {http://link.springer.com/chapter/10.1007/978-3-642-59412-0_26},
year = {2002}
}
@article{Parnas1972,
author = {Parnas, DL},
file = {:home/etn/Documents/PhD/Biblio/Parnas - 1972 - On the criteria to be used in decomposing systems into modules.pdf:pdf},
journal = {Communications of the ACM},
title = {{On the criteria to be used in decomposing systems into modules}},
url = {http://dl.acm.org/citation.cfm?id=361623},
year = {1972}
}
