Automatically generated by Mendeley Desktop 1.11
Any changes to this file will be lost if it is regenerated by Mendeley.

BibTeX export options can be customized via Preferences -> BibTeX in Mendeley Desktop

@article{Swartza,
author = {Swartz, Aaron},
title = {A Censorship-Resistant Web},
url = {http://www.aaronsw.com/weblog/uncensor}
}
@misc{Swartz,
author = {Swartz, Aaron},
title = {Squaring the Triangle: Secure, Decentralized, Human-Readable Names},
url = {http://www.aaronsw.com/weblog/squarezooko}
}
