Automatically generated by Mendeley Desktop 1.12.3-dev1
Any changes to this file will be lost if it is regenerated by Mendeley.

BibTeX export options can be customized via Options -> BibTeX in Mendeley Desktop

@article{Davies2008,
author = {Davies, M and Gil, G},
journal = {\ldots  of the Poster and  \ldots},
title = {{m: Ciudad: an infrastructure for creation and sharing of end user generated microservices}},
url = {http://ftp.informatik.rwth-aachen.de/Publications/CEUR-WS/Vol-399/paper08.pdf},
year = {2008}
}
@article{Fernandez-Villamor2010,
author = {Fern\'{a}ndez-Villamor, JI},
journal = {\ldots  2010-Proceedings of  \ldots},
title = {{Microservices-Lightweight Service Descriptions for REST Architectural Style.}},
url = {http://www.researchgate.net/publication/221539905_Microservices_-_Lightweight_Service_Descriptions_for_REST_Architectural_Style},
year = {2010}
}
