Automatically generated by Mendeley Desktop 1.14-dev1
Any changes to this file will be lost if it is regenerated by Mendeley.

BibTeX export options can be customized via Options -> BibTeX in Mendeley Desktop

@article{Hewitt1973a,
author = {Hewitt, C and Bishop, P and Steiger, R},
file = {:home/etn/Documents/PhD/Biblio/Hewitt, Bishop, Steiger - 1973 - A universal modular actor formalism for artificial intelligence.pdf:pdf},
journal = {Proceedings of the 3rd international joint \ldots},
title = {{A universal modular actor formalism for artificial intelligence}},
url = {http://dl.acm.org/citation.cfm?id=1624804},
year = {1973}
}
@article{Bocq2012,
author = {Bocq, S\'{e}bastien and Daenen, Koen},
doi = {10.1145/2398857.2384640},
isbn = {978-1-4503-1561-6},
issn = {03621340},
journal = {ACM SIGPLAN Notices},
keywords = {DSEl,DSl,concurrent,functional programming,multicore,parallel,process networks,scala,stream},
month = nov,
number = {10},
pages = {315},
publisher = {ACM},
title = {{Molecule}},
url = {http://dl.acm.org/citation.cfm?id=2398857.2384640},
volume = {47},
year = {2012}
}
@article{Hewitt1973,
author = {Hewitt, C and Bishop, P and Greif, I and Smith, B},
journal = {Proceedings of the 1st annual ACM SIGACT-SIGPLAN symposium on Principles of programming languages},
title = {{Actor induction and meta-evaluation}},
url = {http://dl.acm.org/citation.cfm?id=512942},
year = {1973}
}
