Automatically generated by Mendeley Desktop 1.11
Any changes to this file will be lost if it is regenerated by Mendeley.

BibTeX export options can be customized via Preferences -> BibTeX in Mendeley Desktop

@article{Brus1987,
author = {Brus, TH and van Eekelen, MCJD},
file = {:Users/etn/Documents/PhD/Biblio/Brus, Eekelen - 1987 - Clean—a language for functional graph rewriting.pdf:pdf},
journal = {\ldots Comput. \ldots},
title = {Clean—a language for functional graph rewriting},
url = {http://link.springer.com/chapter/10.1007/3-540-18317-5\_20},
year = {1987}
}
@book{Klop1990,
author = {Klop, JW},
file = {:Users/etn/Documents/PhD/Biblio/Klop - 1990 - Term rewriting systems.pdf:pdf},
title = {Term rewriting systems},
url = {http://www.informatik.uni-bremen.de/agbkb/lehre/rbs/texte/Klop-TR.pdf},
year = {1990}
}
