Automatically generated by Mendeley Desktop 1.11
Any changes to this file will be lost if it is regenerated by Mendeley.

BibTeX export options can be customized via Preferences -> BibTeX in Mendeley Desktop

@misc{SpikeBrehm,
author = {Spike Brehm},
title = {The future of web apps is — ready? — isomorphic JavaScript},
url = {http://venturebeat.com/2013/11/08/the-future-of-web-apps-is-ready-isomorphic-javascript/}
}
