Automatically generated by Mendeley Desktop 1.11
Any changes to this file will be lost if it is regenerated by Mendeley.

BibTeX export options can be customized via Preferences -> BibTeX in Mendeley Desktop

@article{Qian2013,
author = {Qian, Z and He, Y and Su, C and Wu, Z and Zhu, H},
file = {:Users/etn/Documents/PhD/Biblio/Qian et al. - 2013 - Timestream Reliable stream computation in the cloud.pdf:pdf},
journal = {Proc. 8th ACM Eur. Conf. Comput. Syst. (EuroSys '13)},
title = "Timestream: Reliable stream computation in the cloud",
url = {http://dl.acm.org/citation.cfm?id=2465353},
year = {2013}
}
@article{Isard2007,
author = {Isard, M and Budiu, M and Yu, Y and Birrell, A and Fetterly, D},
file = {:Users/etn/Documents/PhD/Biblio/Isard et al. - 2007 - Dryad distributed data-parallel programs from sequential building blocks.pdf:pdf},
journal = {ACM SIGOPS Oper.  \ldots},
title = {Dryad: distributed data-parallel programs from sequential building blocks},
url = {http://dl.acm.org/citation.cfm?id=1273005},
year = {2007}
}
@article{Balakrishnan2004,
author = {Balakrishnan, H and Balazinska, M},
file = {:Users/etn/Documents/PhD/Biblio/Balakrishnan, Balazinska - 2004 - Retrospective on aurora.pdf:pdf},
journal = {VLDB J.},
title = {Retrospective on aurora},
url = {http://link.springer.com/article/10.1007/s00778-004-0133-5},
year = {2004}
}
@article{Neumeyer2010,
author = {Neumeyer, L and Robbins, B},
file = {:Users/etn/Documents/PhD/Biblio/Neumeyer, Robbins - 2010 - S4 Distributed stream computing platform.pdf:pdf},
journal = {Data Min. Work.  \ldots},
title = {S4: Distributed stream computing platform},
url = {http://ieeexplore.ieee.org/xpls/abs\_all.jsp?arnumber=5693297},
year = {2010}
}
@article{Gedik2008,
author = {Gedik, B and Andrade, H and Wu, KL and Yu, PS and Doo, M},
file = {:Users/etn/Documents/PhD/Biblio/Gedik et al. - 2008 - SPADE the system s declarative stream processing engine.pdf:pdf},
journal = {Proc. 2008  \ldots},
title = {SPADE: the system s declarative stream processing engine},
url = {http://dl.acm.org/citation.cfm?id=1376729},
year = {2008}
}
@article{Franklin2005,
author = {Franklin, MJ and Jeffery, SR and Krishnamurthy, S},
file = {:Users/etn/Documents/PhD/Biblio/Franklin, Jeffery, Krishnamurthy - 2005 - Design Considerations for High Fan-In Systems The HiFi Approach.pdf:pdf},
journal = {CIDR},
title = {Design Considerations for High Fan-In Systems: The HiFi Approach.},
url = {http://sites.google.com/site/sailesh/hifiCIDR05.pdf},
year = {2005}
}
@article{Krishnamurthy2003,
author = {Krishnamurthy, S and Chandrasekaran, S},
file = {:Users/etn/Documents/PhD/Biblio/Krishnamurthy, Chandrasekaran - 2003 - TelegraphCQ An architectural status report.pdf:pdf},
journal = {IEEE Data Eng. \ldots},
title = {TelegraphCQ: An architectural status report},
url = {http://db.lcs.mit.edu/madden/html/deissue-b.pdf\#page=13},
year = {2003}
}
@article{Yu2009,
author = {Yu, Yuan and Isard, Michael and Fetterly, Dennis and Budiu, Mihai and Erlingsson, Ulfar and Gunda, Pradeep Kumar and Currey, Jon and McSherry, Frank and Achan, Kannan and Poulain, Christophe},
file = {:Users/etn/Documents/PhD/Biblio/Yu et al. - 2009 - Some sample programs written in DryadLINQ.pdf:pdf},
journal = {Microsoft Res.},
title = {Some sample programs written in DryadLINQ},
url = {http://research.microsoft.com/jump/66811},
year = {2009}
}
@misc{Marz2011,
abstract = {Storm is a free and open source distributed realtime computation system. Storm makes it easy to reliably process unbounded streams of data, doing for realtime processing what Hadoop did for batch processing. Storm is simple, can be used with any programming language, and is a lot of fun to use!},
author = {Marz, Nathan and Xu, James and Jackson, Jason and Feng, Andy},
title = {Storm},
url = {http://storm-project.net/},
year = {2011}
}
@article{Peng2010,
author = {Peng, D and Dabek, F},
file = {:Users/etn/Documents/PhD/Biblio/Peng, Dabek - 2010 - Large-scale Incremental Processing Using Distributed Transactions and Notifications.pdf:pdf},
journal = {OSDI},
title = {Large-scale Incremental Processing Using Distributed Transactions and Notifications.},
url = {http://www.usenix.org/event/osdi10/tech/full\_papers/Peng.pdf},
year = {2010}
}
@article{Chandrasekaran2003,
author = {Chandrasekaran, S and Cooper, O},
file = {:Users/etn/Documents/PhD/Biblio/Chandrasekaran, Cooper - 2003 - TelegraphCQ continuous dataflow processing.pdf:pdf},
journal = {Proc. \ldots},
title = {TelegraphCQ: continuous dataflow processing},
url = {http://dl.acm.org/citation.cfm?id=872857},
year = {2003}
}
@article{Condie2010,
author = {Condie, T and Conway, N and Alvaro, P},
file = {:Users/etn/Documents/PhD/Biblio/Condie, Conway, Alvaro - 2010 - MapReduce Online.pdf:pdf},
journal = {NSDI},
title = {MapReduce Online.},
url = {http://static.usenix.org/events/nsdi10/tech/full\_papers/condie.pdf},
year = {2010}
}
@article{Zaharia,
author = {Zaharia, M and Chowdhury, M and Das, T and Dave, A},
file = {:Users/etn/Documents/PhD/Biblio/Zaharia et al. - Unknown - Fast and interactive analytics over Hadoop data with Spark.pdf:pdf},
journal = {usenix.org},
title = {Fast and interactive analytics over Hadoop data with Spark},
url = {https://www.usenix.org/system/files/login/articles/zaharia.pdf}
}
@article{Balazinska2008,
author = {Balazinska, M and Balakrishnan, H},
file = {:Users/etn/Documents/PhD/Biblio/Balazinska, Balakrishnan - 2008 - Fault-tolerance in the Borealis distributed stream processing system.pdf:pdf},
journal = {\ldots  Database Syst. ( \ldots},
title = {Fault-tolerance in the Borealis distributed stream processing system},
url = {http://dl.acm.org/citation.cfm?id=1331907},
year = {2008}
}
@article{Abadi2003,
author = {Abadi, D and Carney, D and Cetintemel, U},
file = {:Users/etn/Documents/PhD/Biblio/Abadi, Carney, Cetintemel - 2003 - Aurora a data stream management system.pdf:pdf},
journal = {Proc. \ldots},
title = {Aurora: a data stream management system},
url = {http://dl.acm.org/citation.cfm?id=872855},
year = {2003}
}
@article{Abadi2005,
author = {Abadi, DJ and Ahmad, Y and Balazinska, M},
file = {:Users/etn/Documents/PhD/Biblio/Abadi, Ahmad, Balazinska - 2005 - The Design of the Borealis Stream Processing Engine.pdf:pdf},
journal = {CIDR},
title = {The Design of the Borealis Stream Processing Engine.},
url = {http://www.cs.harvard.edu/~mdw/course/cs260r/papers/borealis-cidr05.pdf},
year = {2005}
}
@book{Luckham2002,
author = {Luckham, DC},
title = {The power of events},
url = {https://sisis.rz.htw-berlin.de/inh2010/12375999.pdf},
year = {2002}
}
@article{Yang,
author = {Yang, F and Qian, Z and Chen, X and Beschastnikh, I},
file = {:Users/etn/Documents/PhD/Biblio/Yang et al. - 2012 - Sonora A Platform for Continuous Mobile-Cloud Computing.pdf:pdf},
journal = {research.microsoft.com},
title = {Sonora: A Platform for Continuous Mobile-Cloud Computing},
url = {http://research.microsoft.com/pubs/161446/paper.pdf},
year = {2012}
}
@article{Stonebraker2005,
author = {Stonebraker, M and \c{C}etintemel, U and Zdonik, S},
file = {:Users/etn/Documents/PhD/Biblio/Stonebraker, \c{C}etintemel, Zdonik - 2005 - The 8 requirements of real-time stream processing.pdf:pdf},
journal = {ACM SIGMOD Rec.},
title = {The 8 requirements of real-time stream processing},
url = {http://dl.acm.org/citation.cfm?id=1107504},
year = {2005}
}
@article{Bhatotia2011,
author = {Bhatotia, P and Wieder, A and Rodrigues, R},
file = {:Users/etn/Documents/PhD/Biblio/Bhatotia, Wieder, Rodrigues - 2011 - Incoop MapReduce for incremental computations.pdf:pdf},
journal = {Proc. 2nd \ldots},
title = {Incoop: MapReduce for incremental computations},
url = {http://dl.acm.org/citation.cfm?id=2038923},
year = {2011}
}
@article{Han2012,
author = {Han, S and Marshall, S},
file = {:Users/etn/Documents/PhD/Biblio/Han, Marshall - 2012 - Megapipe a new programming interface for scalable network io.pdf:pdf},
journal = {Proc. 10th  \ldots},
title = {Megapipe: a new programming interface for scalable network i/o},
url = {https://www.usenix.org/system/files/conference/osdi12/osdi12-final-40.pdf},
year = {2012}
}
@article{Zaharia2012,
author = {Zaharia, M and Das, T and Li, H and Shenker, S and Stoica, I},
file = {:Users/etn/Documents/PhD/Biblio/Zaharia et al. - 2012 - Discretized streams an efficient and fault-tolerant model for stream processing on large clusters.pdf:pdf},
journal = {Proc. 4th \ldots},
title = {Discretized streams: an efficient and fault-tolerant model for stream processing on large clusters},
url = {https://www.usenix.org/system/files/conference/hotcloud12/hotcloud12-final28.pdf},
year = {2012}
}
@article{Amini2006,
author = {Amini, L and Andrade, H and Bhagwan, R},
file = {:Users/etn/Documents/PhD/Biblio/Amini, Andrade, Bhagwan - 2006 - SPC A distributed, scalable platform for data mining.pdf:pdf},
journal = {\ldots Data Min. \ldots},
title = {SPC: A distributed, scalable platform for data mining},
url = {http://dl.acm.org/citation.cfm?id=1289615},
year = {2006}
}
@article{He2010,
author = {He, B and Yang, M and Guo, Z and Chen, R and Su, B},
file = {:Users/etn/Documents/PhD/Biblio/He et al. - 2010 - Comet batched stream processing for data intensive distributed computing.pdf:pdf},
journal = {\ldots  Cloud Comput.},
title = {Comet: batched stream processing for data intensive distributed computing},
url = {http://dl.acm.org/citation.cfm?id=1807139},
year = {2010}
}
@article{Zaharia2010,
author = {Zaharia, M and Chowdhury, M},
file = {:Users/etn/Documents/PhD/Biblio/Zaharia, Chowdhury - 2010 - Spark cluster computing with working sets.pdf:pdf},
journal = {HotCloud'10 Proc. 2nd USENIX Conf. Hot Top. cloud Comput.},
title = {Spark: cluster computing with working sets},
url = {http://www.usenix.org/event/hotcloud10/tech/full\_papers/Zaharia.pdf http://static.usenix.org/legacy/events/hotcloud10/tech/full\_papers/Zaharia.pdf},
year = {2010}
}
@article{Chen2000,
author = {Chen, J and DeWitt, DJ and Tian, F and Wang, Y},
file = {:Users/etn/Documents/PhD/Biblio/Chen et al. - 2000 - NiagaraCQ A scalable continuous query system for internet databases.pdf:pdf},
journal = {ACM SIGMOD Rec.},
title = {NiagaraCQ: A scalable continuous query system for internet databases},
url = {http://dl.acm.org/citation.cfm?id=335432},
year = {2000}
}
@article{Arvind2003,
author = {Arvind, DP and Arasu, A and Babcock, B},
file = {:Users/etn/Documents/PhD/Biblio/Arvind, Arasu, Babcock - 2003 - Stream The stanford stream data manager.pdf:pdf},
journal = {IEEE Data Eng. \ldots},
title = {Stream: The stanford stream data manager},
url = {http://citeseerx.ist.psu.edu/viewdoc/summary?doi=10.1.1.8.6180},
year = {2003}
}
@article{McSherry,
author = {McSherry, F and Isaacs, R and Isard, M and Murray, DG},
file = {:Users/etn/Documents/PhD/Biblio/McSherry et al. - 2012 - Composable Incremental and Iterative Data-Parallel Computation with Naiad.pdf:pdf},
journal = {Microsoft Res.},
title = {Composable Incremental and Iterative Data-Parallel Computation with Naiad},
url = {http://202.114.89.42/resource/pdf/6992.pdf},
year = {2012}
}
@inproceedings{Meijer2006,
address = {New York, New York, USA},
author = {Meijer, Erik and Beckman, Brian and Bierman, Gavin},
booktitle = {Proc. 2006 ACM SIGMOD Int. Conf. Manag. data - SIGMOD '06},
doi = {10.1145/1142473.1142552},
file = {:Users/etn/Documents/PhD/Biblio/Meijer, Beckman, Bierman - 2006 - LINQ.pdf:pdf},
isbn = {1595934340},
month = jun,
pages = {706},
publisher = {ACM Press},
title = {LINQ},
url = {http://dl.acm.org/citation.cfm?id=1142473.1142552},
year = {2006}
}
@article{Abadi2003a,
author = {Abadi, DJ and Carney, D},
file = {:Users/etn/Documents/PhD/Biblio/Abadi, Carney - 2003 - Aurora a new model and architecture for data stream management.pdf:pdf},
journal = {VLDB Journal— \ldots},
title = {Aurora: a new model and architecture for data stream management},
url = {http://dl.acm.org/citation.cfm?id=950485},
year = {2003}
}
@misc{Apache2011,
author = {Apache},
title = {Apache Flume},
url = {http://flume.apache.org/},
year = {2011}
}
@article{Murray2011,
author = {Murray, DG and Schwarzkopf, M},
file = {:Users/etn/Documents/PhD/Biblio/Murray, Schwarzkopf - 2011 - CIEL a universal execution engine for distributed data-flow computing.pdf:pdf},
journal = {Proc.  \ldots},
title = {CIEL: a universal execution engine for distributed data-flow computing},
url = {http://static.usenix.org/event/nsdi11/tech/full\_papers/Murray.pdf},
year = {2011}
}
@article{Aref2004,
author = {Aref, WG and Elmagarmid, AK},
file = {:Users/etn/Documents/PhD/Biblio/Aref, Elmagarmid - 2004 - Nile a query processing engine for data streams.pdf:pdf},
journal = {\ldots  Data  \ldots},
title = {Nile: a query processing engine for data streams},
url = {http://www-users.cs.umn.edu/~mokbel/papers/NileDemo.pdf},
year = {2004}
}
@misc{TechnicalComittee2003,
author = {Technical Comittee},
booktitle = {Data Eng.},
file = {:Users/etn/Documents/PhD/Biblio/Technical Comittee - 2003 - Special Issue on Data Stream Processing.pdf:pdf},
number = {1},
title = {Special Issue on Data Stream Processing},
url = {http://people.cs.aau.dk/~tbp/BIT/moede10/A03MAR-CD.pdf\#page=5},
volume = {26},
year = {2003}
}
@article{Logothetis2010,
author = {Logothetis, D and Olston, C and Reed, B},
file = {:Users/etn/Documents/PhD/Biblio/Logothetis, Olston, Reed - 2010 - Stateful bulk processing for incremental analytics.pdf:pdf},
journal = {Proc. 1st  \ldots},
title = {Stateful bulk processing for incremental analytics},
url = {http://dl.acm.org/citation.cfm?id=1807138},
year = {2010}
}
@article{Akidau2013,
author = {Akidau, T and Balikov, A},
file = {:Users/etn/Documents/PhD/Biblio/Akidau, Balikov - 2013 - MillWheel Fault-Tolerant Stream Processing at Internet Scale.pdf:pdf},
journal = {Proc. VLDB Endow. 6.11},
title = {MillWheel: Fault-Tolerant Stream Processing at Internet Scale},
url = {http://research.google.com/pubs/archive/41378.pdf},
year = {2013}
}
@article{Barga2006,
author = {Barga, RS and Goldstein, J and Ali, M and Hong, M},
file = {:Users/etn/Documents/PhD/Biblio/Barga et al. - 2006 - Consistent streaming through time A vision for event stream processing.pdf:pdf},
journal = {arXiv Prepr. cs/0612115},
title = {Consistent streaming through time: A vision for event stream processing},
url = {http://arxiv.org/abs/cs/0612115},
year = {2006}
}
@article{Naughton2001,
author = {Naughton, JF and DeWitt, DJ and Maier, D},
journal = {IEEE Data Eng. \ldots},
title = {The Niagara internet query system},
url = {http://www.cs.cornell.edu/People/Jai/papers/niagaraoverview.pdf},
year = {2001}
}
@article{Logothetis2011,
author = {Logothetis, D and Trezzo, C},
file = {:Users/etn/Documents/PhD/Biblio/Logothetis, Trezzo - 2011 - In-situ mapreduce for log processing.pdf:pdf},
journal = {2011 USENIX Annu.  \ldots},
title = {In-situ mapreduce for log processing},
url = {http://static.usenix.org/event/atc11/tech/final\_files/atc11\_proceedings.pdf\#page=125},
year = {2011}
}
